%%
%% Copyright (C) 2020 by Manuel Werder
%%
%% This work may be distributed and/or modified under the
%% conditions of the LaTeX Project Public License, either version 1.3
%% of this license or (at your option) any later version.
%% The latest version of this license is in
%%
%%     http://www.latex-project.org/lppl.txt
%%
%! Date = 16.05.20

%@article{einstein,
%    author = "Albert Einstein",
%    title = "{Zur Elektrodynamik bewegter K{\"o}rper}. ({German})
%    [{On} the electrodynamics of moving bodies]",
%    journal = "Annalen der Physik",
%    volume = "322",
%    number = "10",
%    pages = "891--921",
%    year = "1905",
%    DOI = "http://dx.doi.org/10.1002/andp.19053221004",
%    keywords = "physics"
%}

%@book{dirac,
%    title = {The Principles of Quantum Mechanics},
%    author = {Paul Adrien Maurice Dirac},
%    isbn = {9780198520115},
%    series = {International series of monographs on physics},
%    year = {1981},
%    publisher = {Clarendon Press},
%    keywords = {physics}
%}

@book{sterchi,
    title = {Modul 152 Multimedia-Inhalte in Webauftritt integrieren},
    author = {Daniel Sterchi},
    series = {smartlearn, virual learning. real success},
    publisher = {GIBB},
}

@online{overleaf,
    author = "Overleaf",
    title = "Overleaf",
    url  = "https://www.overleaf.com",
}

@online{youtube,
    author = "ChilledCow",
    title = "Lofi Hip Hop Radio",
    url  = "https://www.youtube.com/watch?v=5qap5aO4i9A",
}

%@inbook{knuth-fa,
%    author = "Donald E. Knuth",
%    title = "Fundamental Algorithms",
%    publisher = "Addison-Wesley",
%    year = "1973",
%    chapter = "1.2",
%    keywords  = "knuth,programming"
%}
