%%
%% Copyright (C) 2020 by Manuel Werder
%%
%% This work may be distributed and/or modified under the
%% conditions of the LaTeX Project Public License, either version 1.3
%% of this license or (at your option) any later version.
%% The latest version of this license is in
%%
%%     http://www.latex-project.org/lppl.txt
%%
%! Date = 16.05.20

%@article{einstein,
%    author = "Albert Einstein",
%    title = "{Zur Elektrodynamik bewegter K{\"o}rper}. ({German})
%    [{On} the electrodynamics of moving bodies]",
%    journal = "Annalen der Physik",
%    volume = "322",
%    number = "10",
%    pages = "891--921",
%    year = "1905",
%    DOI = "http://dx.doi.org/10.1002/andp.19053221004",
%    keywords = "physics"
%}

%@book{dirac,
%    title = {The Principles of Quantum Mechanics},
%    author = {Paul Adrien Maurice Dirac},
%    isbn = {9780198520115},
%    series = {International series of monographs on physics},
%    year = {1981},
%    publisher = {Clarendon Press},
%    keywords = {physics}
%}

@book{dirac,
    title = {Android 8 Das Praxisbuch für Java-Entwickler},
    author = {Thomas Künneth},
    isbn = {978-3-8362-6060-2},
    series = {International series of monographs on physics},
    year = {2018},
    publisher = {Rheinwerk},
}

@online{android-dev,
    author = "Google",
    title = "Android Developer",
    url  = "https://developer.android.com/",
}

@online{android-dev-services,
    author = "Google",
    title = "Google Play Games Services",
    url  = "https://developers.google.com/games/services",
}

@online{android-independent-software,
     author = "Unknown",
     title = "Speeding up Canvas.drawBitMap",
     url  = "http://www.independent-software.com/android-speeding-up-canvas-drawbitmap.html/",
}

@online{android-play-console,
    author = "Google",
    title = "Goolge Play Console",
    url  = "https://play.google.com",
}

@online{android-game-sdk,
    author = "Google",
    title = "Android Game SDK",
    url  = "https://developer.android.com/games/sdk",
}

@online{overleaf,
    author = "Overleaf",
    title = "Overleaf",
    url  = "https://www.overleaf.com",
}

@online{youtube,
    author = "ChilledCow",
    title = "Lofi Hip Hop Radio",
    url  = "https://www.youtube.com/watch?v=5qap5aO4i9A",
}

@online{2D-game,
    author = "Adam Sinicki",
    title = "How to write your first Android game in Java",
    url  = "https://www.androidauthority.com/android-game-java-785331/",
}

@online{open-game-art-ships1,
    author = "Carlos Alface",
    title = "2D SpaceShips pack with 153 spaceships and 292 extras",
    url  = "https://opengameart.org/content/2d-space-ships-pack-war-antuz-race",
}

@online{open-game-art-ships2,
    author = "Carlos Alface",
    title = "Game Desgin Blog",
    url  = "https://carlosalface.blogspot.com/",
}

@online{open-game-art-sound-laser,
    author = "dklon",
    title = "If you do use this, all I ask is that you credit me as dklon somewhere",
    url  = "https://opengameart.org/content/laser-fire",
}

@online{open-game-art-sound-explosion,
    author = "TinyWorlds",
    title = "You are a cute duckling destroying the city, because a rolling hamster killed your family",
    url  = "https://opengameart.org/content/explosion-0",
}

@online{open-game-art-music,
    author = "Trevor Lentz",
    title = "A slow 8 bit track. Slow layers building up to climax and a light outro",
    url  = "https://opengameart.org/content/prepare-for-war",
}

@online{open-game-art-button,
    author = "Paul Wortmann",
    title = "Buttons for touch screen display",
    url  = "https://opengameart.org/content/buttons-for-touch-screen-display",
}

@online{o7planning,
    author = "Unknown",
    title = "Buttons for touch screen display",
    url  = "https://o7planning.org/en/10521/android-2d-game-tutorial-for-beginners#a1955354",
}

@online{surfaceview,
    author = "Many",
    title = "Android 2D Game Tutorial for Beginners",
    url  = "https://stackoverflow.com/questions/5779215/androidhow-to-add-a-button-in-surface-view",
}

@online{stackOverflow,
    author = "Many",
    title = "Delegate(common) click listener in Android",
    url  = "https://stackoverflow.com/questions/46735752/delegatecommon-click-listener-in-android",
}

@online{stackOverflow_seekbar,
    author = "Many",
    title = "Impelementing a slider (SeekBar) in Android",
    url  = "https://stackoverflow.com/questions/8629535/implementing-a-slider-seekbar-in-android",
}

%@inbook{knuth-fa,
%    author = "Donald E. Knuth",
%    title = "Fundamental Algorithms",
%    publisher = "Addison-Wesley",
%    year = "1973",
%    chapter = "1.2",
%    keywords  = "knuth,programming"
%}
